@MISC{Ruian,
      title =        "{\it ČÚZK - Informace o RÚIAN}",
      year =         "2019",
      url =          "https://www.cuzk.cz/Uvod/Produkty-a-sluzby/RUIAN/RUIAN-(1).aspx",
      note =         "[Online; navštíveno 20.04.2019]"
}
@MISC{Iksn,
      title =        "{\it ČÚZK - Informační systém katastru nemovitostí - IKSN}",
      year =         "2014",
      month =        "December",
      url =          "https://www.cuzk.cz/Katastr-nemovitosti/O-katastru-nemovitosti/Informacni-system-katastru-nemovitosti-ISKN.aspx",
      note =         "[Online; navštíveno 20.04.2019]"
}
@MISC{Isui,
      title =        "{\it ISUI - přiručka uživatele}",
      year =         "2012",
      month =        "Január",
      url =          "https://www.cuzk.cz/isui-elearning/tools/ISUI_prirucka_uzivatele.pdf",
      note =         "[Online; navštíveno 20.04.2019]"
}
@MISC{Iszr,
      title =        "{\it O SZR, Správa základních registrů}",
      year =         "2019",
      url =          "http://www.szrcr.cz/sprava-zakladnich-registru",
      note =         "[Online; navštíveno 20.04.2019]"
}
@MISC{Zr,
      title =        "{\it Co (ne)jsou ZR, Správa základních registrů}",
      year =         "2019",
      url =          "http://www.szrcr.cz/co-jsou-to-zakladni-registry",
      note =         "[Online; navštíveno 20.04.2019]"
}
@MISC{Ais,
      title =        "{\it Agendové informační systémy, Správa základních registrů}",
      year =         "2019",
      url =          "http://www.szrcr.cz/registr-osob/agendove-systemy",
      note =         "[Online; navštíveno 20.04.2019]"
}
@MISC{Egon,
      title =        "{\it eGON rozhraní, Správa základních registrů}",
      year =         "2019",
      url =          "http://www.szrcr.cz/egon-rozhrani",
      note =         "[Online; navštíveno 20.04.2019]"
}
@MISC{Vdpman,
      title =        "{\it Verejný dálkový přístup (VDP) Uživatelská dokumentace}",
      year =         "2019",
      url =          "https://www.cuzk.cz/VDP-uzivatelska-dokumentace",
      note =         "[Online; navštíveno 20.04.2019]"
}
@MISC{Vdp,
      title =        "{\it Úvodná obrazovka aplikácie verejného diaľkového prístupu}",
      year =         "2019",
      url =          "https://vdp.cuzk.cz/",
      note =         "[Online; navštíveno 20.04.2019]"
}
@MISC{Pdf,
      title =        "{\it What is PDF ? Adobe Portable Document Format | Adobe Acrobat DC}",
      year =         "2019",
      url =          "https://acrobat.adobe.com/sk/en/acrobat/about-adobe-pdf.html",
      note =         "[Online; navštíveno 20.04.2019]"
}
@MISC{Xml,
      title =        "{\it Extensible Markup Language (XML)}",
      year =         "2016",
      month =        "Október",
      url =          "https://www.w3.org/XML/",
      note =         "[Online; navštíveno 20.04.2019]"
}
@MISC{Csv,
      title =        "{\it RFC 4180 - Common Format and MIME Type for Comma-Separated Values (CSV) files}",
      year =         "2005",
      month =        "Október",
      url =          "https://tools.ietf.org/html/rfc4180",
      note =         "[Online; navštíveno 20.04.2019]"
}
@MISC{Kn,
      title =        "{\it Nahlížení do katastru nemovitostí}",
      year =         "2019",
      url =          "https://nahlizenidokn.cuzk.cz/StahniAdresniMistaRUIAN.aspx",
      note =         "[Online; navštíveno 20.04.2019]"
}
@MISC{Marushka,
      title =        "{\it Mapový klient Marushka pre vyhľadávanie RÚIAN prvkov}",
      year =         "2019",
      url =          "https://vdp.cuzk.cz/marushka/",
      note =         "[Online; navštíveno 20.04.2019]"
}
@MISC{Url,
      title =        "{\it RFC 1738 - Uniform Resource Locators (URL)}",
      year =         "1994",
      month =        "December",
      url =          "https://tools.ietf.org/html/rfc1738",
      note =         "[Online; navštíveno 21.04.2019]"
}
@MISC{Gml,
      title =        "{\it RFC 1738 - Uniform Resource Locators (URL)}",
      year =         "1994",
      month =        "December",
      url =          "https://tools.ietf.org/html/rfc1738",
      note =         "[Online; navštíveno 21.04.2019]"
}
@MISC{Vfr,
      title =        "{\it Struktura a popis výměnneho formátu RÚIAN (VFR)}",
      year =         "2016",
      month =        "Február",
      url =          "https://www.cuzk.cz/Uvod/Produkty-a-sluzby/RUIAN/2-Poskytovani-udaju-RUIAN-ISUI-VDP/Vymenny-format-RUIAN/Vymenny-format-RUIAN-(VFR)/Struktura-a-popis-VFR-1_8_0.aspx",
      note =         "[Online; navštíveno 29.04.2019]"
}
@MISC{czechFall,
      title =        "{\it Pády v českém jazyce}",
      url =          "https://cesky-jazyk.okhelp.cz/sklonovani/pady-v-ceskem-jazyce.php",
      note =         "[Online; navštíveno 08.05.2019]"
}
    
   
    